<bib><suppress_from_publishing>false</suppress_from_publishing><suppress_from_external_search>false</suppress_from_external_search><record xmlns="http://www.loc.gov/MARC21/slim">
    <leader>00000cas a2200000 i 4500</leader>
    <controlfield tag="001">1186589933</controlfield>
    <controlfield tag="003">OCoLC</controlfield>
    <controlfield tag="005">20250702150546.1</controlfield>
    <controlfield tag="006">m     o  d        </controlfield>
    <controlfield tag="007">cr |||||||||||</controlfield>
    <controlfield tag="008">200820c20209999enkqr p o     0    0eng  </controlfield>
    <datafield tag="010" ind1=" " ind2=" ">
      <subfield code="a">  2021207260</subfield>
    </datafield>
    <datafield tag="019" ind1=" " ind2=" ">
      <subfield code="a">1259143970</subfield>
      <subfield code="a">1292545181</subfield>
      <subfield code="a">1292551351</subfield>
    </datafield>
    <datafield tag="022" ind1=" " ind2=" ">
      <subfield code="a">2632-6663</subfield>
    </datafield>
    <datafield tag="035" ind1=" " ind2=" ">
      <subfield code="a">(OCoLC)1186589933</subfield>
      <subfield code="z">(OCoLC)1259143970</subfield>
      <subfield code="z">(OCoLC)1292545181</subfield>
      <subfield code="z">(OCoLC)1292551351</subfield>
    </datafield>
    <datafield tag="040" ind1=" " ind2=" ">
      <subfield code="a">OH1</subfield>
      <subfield code="b">eng</subfield>
      <subfield code="e">rda</subfield>
      <subfield code="e">pn</subfield>
      <subfield code="c">OH1</subfield>
      <subfield code="d">OCLCF</subfield>
      <subfield code="d">UKMGB</subfield>
      <subfield code="d">QGK</subfield>
      <subfield code="d">DLC</subfield>
      <subfield code="d">OCLCO</subfield>
      <subfield code="d">OCL</subfield>
      <subfield code="d">OCLCQ</subfield>
      <subfield code="d">OCLCL</subfield>
      <subfield code="d">U3W</subfield>
    </datafield>
    <datafield ind1="0" ind2=" " tag="041"><subfield code="a">eng</subfield></datafield><datafield tag="042" ind1=" " ind2=" ">
      <subfield code="a">pcc</subfield>
    </datafield>
    <datafield ind1=" " ind2=" " tag="044"><subfield code="9">England</subfield></datafield><datafield tag="050" ind1="0" ind2="0">
      <subfield code="a">HV7231</subfield>
    </datafield>
    <datafield tag="082" ind1="0" ind2="4">
      <subfield code="a">365</subfield>
      <subfield code="2">23</subfield>
      <subfield code="1">https://id.oclc.org/worldcat/ddc/E4cdbQG7RpfhbrfjR3QTxcpqHH</subfield>
    </datafield>
    <datafield tag="245" ind1="0" ind2="0">
      <subfield code="a">Incarceration :</subfield>
      <subfield code="b">an international journal of imprisonment, detention and coercive confinement.</subfield>
    </datafield>
    <datafield tag="264" ind1=" " ind2="1">
      <subfield code="a">[London] :</subfield>
      <subfield code="b">SAGE,</subfield>
      <subfield code="c">2020-</subfield>
    </datafield>
    <datafield tag="310" ind1=" " ind2=" ">
      <subfield code="a">Quarterly</subfield>
    </datafield>
    <datafield tag="336" ind1=" " ind2=" ">
      <subfield code="a">text</subfield>
      <subfield code="b">txt</subfield>
      <subfield code="2">rdacontent</subfield>
    </datafield>
    <datafield tag="337" ind1=" " ind2=" ">
      <subfield code="a">computer</subfield>
      <subfield code="b">c</subfield>
      <subfield code="2">rdamedia</subfield>
    </datafield>
    <datafield tag="338" ind1=" " ind2=" ">
      <subfield code="a">online resource</subfield>
      <subfield code="b">cr</subfield>
      <subfield code="2">rdacarrier</subfield>
    </datafield>
    <datafield tag="362" ind1="1" ind2=" ">
      <subfield code="a">Began with volume 1, issue 1 (July 20, 2020).</subfield>
    </datafield>
    <datafield tag="520" ind1=" " ind2=" ">
      <subfield code="a">Incarceration is a peer-reviewed, international journal publishing high quality original scholarship dealing with prisons and prison-like institutions and practices.</subfield>
    </datafield>
    <datafield tag="588" ind1=" " ind2=" ">
      <subfield code="a">Description based on: Volume 1, issue 1 (July 20, 2020); title from journal information screen (SAGE journals, viewed August 20, 2020).</subfield>
    </datafield>
    <datafield tag="588" ind1=" " ind2=" ">
      <subfield code="a">Latest issue consulted: Volume 2, issue 2 (July 2021) (SAGE journals, viewed October 4, 2021).</subfield>
    </datafield>
    <datafield tag="950" ind1=" " ind2="0">
      <subfield code="a">Imprisonment</subfield>
      <subfield code="v">Periodicals.</subfield>
    </datafield>
    <datafield tag="950" ind1=" " ind2="0">
      <subfield code="a">Prisons</subfield>
      <subfield code="v">Periodicals.</subfield>
    </datafield>
    <datafield tag="950" ind1=" " ind2="0">
      <subfield code="a">Jails</subfield>
      <subfield code="v">Periodicals.</subfield>
    </datafield>
    <datafield tag="950" ind1=" " ind2="7">
      <subfield code="a">Jails.</subfield>
      <subfield code="2">fast</subfield>
      <subfield code="0">(OCoLC)fst00981129</subfield>
    </datafield>
    <datafield tag="950" ind1=" " ind2="7">
      <subfield code="a">Imprisonment</subfield>
      <subfield code="2">fast</subfield>
      <subfield code="0">(OCoLC)fst00968277</subfield>
    </datafield>
    <datafield tag="950" ind1=" " ind2="7">
      <subfield code="a">Prisons</subfield>
      <subfield code="2">fast</subfield>
      <subfield code="0">(OCoLC)fst01077326</subfield>
    </datafield>
    <datafield tag="950" ind1=" " ind2="0">
      <subfield code="a">Electronic journals.</subfield>
    </datafield>
    <datafield tag="950" ind1=" " ind2="7">
      <subfield code="a">Periodicals</subfield>
      <subfield code="2">fast</subfield>
      <subfield code="0">(OCoLC)fst01411641</subfield>
    </datafield>
    <datafield ind1=" " ind2=" " tag="992"><subfield code="p">Px</subfield><subfield code="e">EF</subfield><subfield code="a">20260419</subfield></datafield><datafield ind1=" " ind2=" " tag="993"><subfield code="a">[CAT ONLY]</subfield><subfield code="b">20260419</subfield></datafield><datafield ind1=" " ind2=" " tag="994"><subfield code="a">[CAT ONLY]</subfield><subfield code="b">20260419</subfield></datafield><datafield ind1=" " ind2=" " tag="995"><subfield code="a">[CAT ONLY]</subfield><subfield code="b">20260419</subfield></datafield><datafield ind1=" " ind2=" " tag="996"><subfield code="a">[CAT ONLY]</subfield><subfield code="b">20260419</subfield></datafield><datafield ind1=" " ind2=" " tag="997"><subfield code="a">[CAT ONLY]</subfield></datafield><datafield ind1=" " ind2=" " tag="999"><subfield code="a">ZZZ</subfield></datafield></record></bib>